<record><leader>00000cas a22000007a 4500</leader><controlfield tag="001">11730822</controlfield><controlfield tag="008">850225d18631865wiumr ne      0    0eng d</controlfield><datafield ind1=" " ind2=" " tag="010"><subfield code="a">sn 85040263 </subfield></datafield><datafield ind1=" " ind2=" " tag="040"><subfield code="a">NPV</subfield><subfield code="b">eng</subfield><subfield code="c">NPV</subfield><subfield code="d">OCLCQ</subfield></datafield><datafield ind1=" " ind2=" " tag="042"><subfield code="a">msc</subfield></datafield><datafield ind1=" " ind2=" " tag="043"><subfield code="a">n-us-wi</subfield></datafield><datafield ind1=" " ind2=" " tag="045"><subfield code="a">w6w6</subfield></datafield><datafield ind1=" " ind2=" " tag="052"><subfield code="a">4123</subfield><subfield code="b">J4</subfield></datafield><datafield ind1="0" ind2="4" tag="245"><subfield code="a">The Bugle blast.</subfield></datafield><datafield ind1=" " ind2=" " tag="260"><subfield code="a">Lake Mills, Wis. :</subfield><subfield code="b">H.H. Colt,</subfield><subfield code="c">1863-1865.</subfield></datafield><datafield ind1=" " ind2=" " tag="300"><subfield code="a">1 v.</subfield></datafield><datafield ind1=" " ind2=" " tag="310"><subfield code="a">Monthly,</subfield><subfield code="b">Oct. 1864-1865</subfield></datafield><datafield ind1=" " ind2=" " tag="321"><subfield code="a">Irregular</subfield></datafield><datafield ind1="0" ind2=" " tag="362"><subfield code="a">Vol. 1, no. 1 (Dec. 1863)-v. 1, no. 10 (May 1865).</subfield></datafield><datafield ind1=" " ind2=" " tag="515"><subfield code="a">Pre-issue Oct. 1863 also v. 1, no. 1.</subfield></datafield><datafield ind1=" " ind2=" " tag="530"><subfield code="a">Available on microfilm from The State Historical Society of Wisconsin.</subfield></datafield><datafield ind1=" " ind2=" " tag="752"><subfield code="a">United States</subfield><subfield code="b">Wisconsin</subfield><subfield code="c">Jefferson</subfield><subfield code="d">Lake Mills.</subfield></datafield></record>